\usepackage{biblatex}

@article{Procrastination,
  title={The Prevalence, Predictors, Causes, Treatments, and Implications of Procrastination Behaviors in General, Academic, and Work Setting },
  author={Irum Saeed Abbasi, Nawal G. Alghamdi },
  journal={International Journal of Psychological Studies},
  volume={7},
  number={1},
  pages={59--66},
  year={2015},
  publisher={Canadian Center of Science and Education}
}
@misc{Agile,
 author   =  {Kent Beck,  Mike Beedle ,Arie van Bennekum ,Alistair Cockburn, Ward Cunningham, Martin Fowler, James Grenning, Jim Highsmith, Andrew Hunt, Ron Jeffries, Jon Kern, Brian Marick, Robert C. Martin, Steve Mellor, Ken Schwaber, Jeff Sutherland, Dave Thomas},
 title     = {Manifesto for Agile Software Development},
 url       = {http://agilemanifesto.org/},
 note ={(Last Visited on: 23-11-2016)}
}
@INPROCEEDINGS{Cockburn00thecosts,
    author = {Alistair Cockburn and Laurie Williams},
    title = {The Costs and Benefits of Pair Programming},
    booktitle = {In eXtreme Programming and Flexible Processes in Software Engineering XP2000},
    year = {2000},
    pages = {223--247},
    publisher = {Addison-Wesley}
}
@article{PP2012,
author = {Mark Zarb},
title = {Understanding communication within pair programming},
pages = {53--56},
journal={SPLASH'12},
year = {2012},
}
@MISC{Williams00strengtheningthe,
    author = {Laurie Williams and Robert R. Kessler and Ward Cunningham and Ron Jeffries},
    title = { Strengthening the Case for Pair Programming},
    year = {2000}
}
@ARTICLE{Mcdowell06pairprogramming,
    author = {Charlie Mcdowell and Linda Werner and Heather E. Bullock and Julian Fernald},
    title = {Pair programming improves student retention, confidence, and program quality},
    journal = {Communications of the ACM},
    year = {2006},
    volume = {49},
    pages = {90--95}
}
@book{Keith:2010:AGD:1830460,
 author = {Keith, Clinton},
 title = {Agile Game Development with Scrum},
 year = {2010},
 isbn = {0321618521, 9780321618528},
 edition = {1st},
 publisher = {Addison-Wesley Professional},
} 
